<marcxml:record xmlns:xlink="http://www.w3.org/1999/xlink" xmlns:marcxml="http://www.loc.gov/MARC21/slim" xmlns:rdf="http://www.w3.org/1999/02/22-rdf-syntax-ns#" xmlns:madsrdf="http://www.loc.gov/mads/rdf/v1#" xmlns:ri="http://id.loc.gov/ontologies/RecordInfo#" xmlns:xsi="http://www.w3.org/2001/XMLSchema-instance" xmlns:mets="http://www.loc.gov/METS/" xmlns:idx="info:lc/xq-modules/lcindex" xmlns:bfidx="info:lc/xq-modules/bfidx" xmlns:semtriples="http://marklogic.com/semantic" xmlns:bf="http://id.loc.gov/ontologies/bibframe/" xmlns:bflc="http://id.loc.gov/ontologies/bflc/" xmlns:bfsimple="http://id.loc.gov/ontologies/bfsimple/" xmlns:dcterms="http://purl.org/dc/terms/">
  <marcxml:leader>04211cam a2200733 i 4500</marcxml:leader>
  <marcxml:controlfield tag="001">19205507</marcxml:controlfield>
  <marcxml:controlfield tag="005">20210714084236.0</marcxml:controlfield>
  <marcxml:controlfield tag="008">160803s2017    nyu    j      000 1 eng d</marcxml:controlfield>
  <marcxml:datafield ind1=" " ind2=" " tag="906">
    <marcxml:subfield code="a">7</marcxml:subfield>
    <marcxml:subfield code="b">cbc</marcxml:subfield>
    <marcxml:subfield code="c">copycat</marcxml:subfield>
    <marcxml:subfield code="d">2</marcxml:subfield>
    <marcxml:subfield code="e">epcn</marcxml:subfield>
    <marcxml:subfield code="f">20</marcxml:subfield>
    <marcxml:subfield code="g">y-gencatlg</marcxml:subfield>
  </marcxml:datafield>
  <marcxml:datafield ind1="0" ind2=" " tag="925">
    <marcxml:subfield code="a">acquire</marcxml:subfield>
    <marcxml:subfield code="b">1 shelf copy</marcxml:subfield>
    <marcxml:subfield code="x">policy default</marcxml:subfield>
  </marcxml:datafield>
  <marcxml:datafield ind1=" " ind2=" " tag="955">
    <marcxml:subfield code="b">xk05 2018-06-13 z-processor</marcxml:subfield>
    <marcxml:subfield code="i">xk12 2018-06-21 (telework) c. 1 to CALM</marcxml:subfield>
  </marcxml:datafield>
  <marcxml:datafield ind1=" " ind2=" " tag="955">
    <marcxml:subfield code="a">pc27 2016-08-03</marcxml:subfield>
    <marcxml:subfield code="a">xn05 2017-06-21 1 copy to USPRLL</marcxml:subfield>
  </marcxml:datafield>
  <marcxml:datafield ind1=" " ind2=" " tag="010">
    <marcxml:subfield code="a">  2016949952</marcxml:subfield>
  </marcxml:datafield>
  <marcxml:datafield ind1=" " ind2=" " tag="020">
    <marcxml:subfield code="a">9780062335715</marcxml:subfield>
    <marcxml:subfield code="q">(hardback)</marcxml:subfield>
  </marcxml:datafield>
  <marcxml:datafield ind1=" " ind2=" " tag="020">
    <marcxml:subfield code="a">0062335715</marcxml:subfield>
    <marcxml:subfield code="q">(hardback)</marcxml:subfield>
  </marcxml:datafield>
  <marcxml:datafield ind1=" " ind2=" " tag="035">
    <marcxml:subfield code="a">(OCoLC)ocn952387100</marcxml:subfield>
  </marcxml:datafield>
  <marcxml:datafield ind1=" " ind2=" " tag="037">
    <marcxml:subfield code="b">Harpercollins Childrens Books, Attn Elaine Nealon 53 Glenmaura National Blvd Ste 300, Moosaic, PA, USA, 18507-2132</marcxml:subfield>
    <marcxml:subfield code="n">SAN 200-2086</marcxml:subfield>
  </marcxml:datafield>
  <marcxml:datafield ind1=" " ind2=" " tag="040">
    <marcxml:subfield code="a">BTCTA</marcxml:subfield>
    <marcxml:subfield code="b">eng</marcxml:subfield>
    <marcxml:subfield code="c">BTCTA</marcxml:subfield>
    <marcxml:subfield code="e">rda</marcxml:subfield>
    <marcxml:subfield code="d">BDX</marcxml:subfield>
    <marcxml:subfield code="d">YDXCP</marcxml:subfield>
    <marcxml:subfield code="d">SINLB</marcxml:subfield>
    <marcxml:subfield code="d">KYC</marcxml:subfield>
    <marcxml:subfield code="d">FMG</marcxml:subfield>
    <marcxml:subfield code="d">OCLCO</marcxml:subfield>
    <marcxml:subfield code="d">ORK</marcxml:subfield>
    <marcxml:subfield code="d">CFS</marcxml:subfield>
    <marcxml:subfield code="d">JSU</marcxml:subfield>
    <marcxml:subfield code="d">OCLCO</marcxml:subfield>
    <marcxml:subfield code="d">UAB</marcxml:subfield>
    <marcxml:subfield code="d">CZA</marcxml:subfield>
    <marcxml:subfield code="d">EHH</marcxml:subfield>
    <marcxml:subfield code="d">OCLCF</marcxml:subfield>
    <marcxml:subfield code="d">NDS</marcxml:subfield>
    <marcxml:subfield code="d">T3B</marcxml:subfield>
    <marcxml:subfield code="d">UAG</marcxml:subfield>
    <marcxml:subfield code="d">OCL</marcxml:subfield>
    <marcxml:subfield code="d">IGA</marcxml:subfield>
    <marcxml:subfield code="d">IOU</marcxml:subfield>
    <marcxml:subfield code="d">ON9</marcxml:subfield>
    <marcxml:subfield code="d">CHILD</marcxml:subfield>
    <marcxml:subfield code="d">IUL</marcxml:subfield>
    <marcxml:subfield code="d">OCLCQ</marcxml:subfield>
    <marcxml:subfield code="d">NEPCL</marcxml:subfield>
    <marcxml:subfield code="d">ILM</marcxml:subfield>
    <marcxml:subfield code="d">GYG</marcxml:subfield>
    <marcxml:subfield code="d">UCW</marcxml:subfield>
    <marcxml:subfield code="d">FSP</marcxml:subfield>
    <marcxml:subfield code="d">TXMML</marcxml:subfield>
    <marcxml:subfield code="d">HCO</marcxml:subfield>
    <marcxml:subfield code="d">BPLCP</marcxml:subfield>
    <marcxml:subfield code="d">MPLBT</marcxml:subfield>
    <marcxml:subfield code="d">NJB</marcxml:subfield>
    <marcxml:subfield code="d">B@L</marcxml:subfield>
    <marcxml:subfield code="d">DLC</marcxml:subfield>
  </marcxml:datafield>
  <marcxml:datafield ind1=" " ind2=" " tag="042">
    <marcxml:subfield code="a">lccopycat</marcxml:subfield>
  </marcxml:datafield>
  <marcxml:datafield ind1="0" ind2="0" tag="050">
    <marcxml:subfield code="a">PZ7.1.O84</marcxml:subfield>
    <marcxml:subfield code="b">Rad 2017</marcxml:subfield>
  </marcxml:datafield>
  <marcxml:datafield ind1="0" ind2="4" tag="082">
    <marcxml:subfield code="a">[Fic]</marcxml:subfield>
    <marcxml:subfield code="2">23</marcxml:subfield>
  </marcxml:datafield>
  <marcxml:datafield ind1="1" ind2=" " tag="100">
    <marcxml:subfield code="a">Oseman, Alice,</marcxml:subfield>
    <marcxml:subfield code="e">author.</marcxml:subfield>
  </marcxml:datafield>
  <marcxml:datafield ind1="1" ind2="0" tag="245">
    <marcxml:subfield code="a">Radio silence /</marcxml:subfield>
    <marcxml:subfield code="c">Alice Oseman.</marcxml:subfield>
  </marcxml:datafield>
  <marcxml:datafield ind1=" " ind2=" " tag="250">
    <marcxml:subfield code="a">First U.S. edition.</marcxml:subfield>
  </marcxml:datafield>
  <marcxml:datafield ind1=" " ind2="1" tag="264">
    <marcxml:subfield code="a">New York, NY :</marcxml:subfield>
    <marcxml:subfield code="b">HarperTeen, an imprint of HarperCollinsPublishers,</marcxml:subfield>
    <marcxml:subfield code="c">2017.</marcxml:subfield>
  </marcxml:datafield>
  <marcxml:datafield ind1=" " ind2=" " tag="300">
    <marcxml:subfield code="a">474, 13 pages ;</marcxml:subfield>
    <marcxml:subfield code="c">22 cm</marcxml:subfield>
  </marcxml:datafield>
  <marcxml:datafield ind1=" " ind2=" " tag="336">
    <marcxml:subfield code="a">text</marcxml:subfield>
    <marcxml:subfield code="b">txt</marcxml:subfield>
    <marcxml:subfield code="2">rdacontent</marcxml:subfield>
  </marcxml:datafield>
  <marcxml:datafield ind1=" " ind2=" " tag="337">
    <marcxml:subfield code="a">unmediated</marcxml:subfield>
    <marcxml:subfield code="b">n</marcxml:subfield>
    <marcxml:subfield code="2">rdamedia</marcxml:subfield>
  </marcxml:datafield>
  <marcxml:datafield ind1=" " ind2=" " tag="338">
    <marcxml:subfield code="a">volume</marcxml:subfield>
    <marcxml:subfield code="b">nc</marcxml:subfield>
    <marcxml:subfield code="2">rdacarrier</marcxml:subfield>
  </marcxml:datafield>
  <marcxml:datafield ind1=" " ind2=" " tag="385">
    <marcxml:subfield code="m">Age</marcxml:subfield>
    <marcxml:subfield code="a">Teenagers</marcxml:subfield>
    <marcxml:subfield code="2">lcdgt</marcxml:subfield>
  </marcxml:datafield>
  <marcxml:datafield ind1=" " ind2=" " tag="385">
    <marcxml:subfield code="m">Educational level</marcxml:subfield>
    <marcxml:subfield code="a">High school students</marcxml:subfield>
    <marcxml:subfield code="2">lcdgt</marcxml:subfield>
  </marcxml:datafield>
  <marcxml:datafield ind1=" " ind2=" " tag="386">
    <marcxml:subfield code="a">Women</marcxml:subfield>
    <marcxml:subfield code="2">lcdgt</marcxml:subfield>
  </marcxml:datafield>
  <marcxml:datafield ind1=" " ind2=" " tag="520">
    <marcxml:subfield code="a">What if everything you set yourself up to be was wrong? Frances has always been a study machine with one goal, elite university. Nothing will stand in her way; not friends, not a guilty secret -- not even the person she is on the inside. But when Frances meets Aled, the shy genius behind her favourite podcast, she discovers a new freedom. He unlocks the door to Real Frances and for the first time she experiences true friendship, unafraid to be herself. Then the podcast goes viral and the fragile trust between them is broken. Caught between who she was and who she longs to be, Frances' dreams come crashing down. Suffocating with guilt, she knows that she has to confront her past ... She has to confess why Carys disappeared ... Meanwhile at uni, Aled is alone, fighting even darker secrets. It's only by facing up to your fears that you can overcome them. And it's only by being your true self that you can find happiness. Frances is going to need every bit of courage she has.</marcxml:subfield>
  </marcxml:datafield>
  <marcxml:datafield ind1=" " ind2="0" tag="650">
    <marcxml:subfield code="a">High school students</marcxml:subfield>
    <marcxml:subfield code="v">Juvenile fiction.</marcxml:subfield>
  </marcxml:datafield>
  <marcxml:datafield ind1=" " ind2="0" tag="650">
    <marcxml:subfield code="a">College students</marcxml:subfield>
    <marcxml:subfield code="v">Juvenile fiction.</marcxml:subfield>
  </marcxml:datafield>
  <marcxml:datafield ind1=" " ind2="0" tag="650">
    <marcxml:subfield code="a">Podcasters</marcxml:subfield>
    <marcxml:subfield code="v">Juvenile fiction.</marcxml:subfield>
  </marcxml:datafield>
  <marcxml:datafield ind1=" " ind2="0" tag="650">
    <marcxml:subfield code="a">Secrecy</marcxml:subfield>
    <marcxml:subfield code="v">Juvenile fiction.</marcxml:subfield>
  </marcxml:datafield>
  <marcxml:datafield ind1=" " ind2="0" tag="650">
    <marcxml:subfield code="a">Friendship in adolescence</marcxml:subfield>
    <marcxml:subfield code="v">Juvenile fiction.</marcxml:subfield>
  </marcxml:datafield>
  <marcxml:datafield ind1=" " ind2="0" tag="650">
    <marcxml:subfield code="a">Bisexual teenagers</marcxml:subfield>
    <marcxml:subfield code="v">Juvenile fiction.</marcxml:subfield>
  </marcxml:datafield>
  <marcxml:datafield ind1=" " ind2="0" tag="650">
    <marcxml:subfield code="a">Anxiety in adolescence</marcxml:subfield>
    <marcxml:subfield code="v">Juvenile fiction.</marcxml:subfield>
  </marcxml:datafield>
  <marcxml:datafield ind1=" " ind2="1" tag="650">
    <marcxml:subfield code="a">Podcasts</marcxml:subfield>
    <marcxml:subfield code="v">Fiction.</marcxml:subfield>
  </marcxml:datafield>
  <marcxml:datafield ind1=" " ind2="1" tag="650">
    <marcxml:subfield code="a">High schools</marcxml:subfield>
    <marcxml:subfield code="v">Fiction.</marcxml:subfield>
  </marcxml:datafield>
  <marcxml:datafield ind1=" " ind2="1" tag="650">
    <marcxml:subfield code="a">Schools</marcxml:subfield>
    <marcxml:subfield code="v">Fiction.</marcxml:subfield>
  </marcxml:datafield>
  <marcxml:datafield ind1=" " ind2="4" tag="650">
    <marcxml:subfield code="a">Young adult fiction.</marcxml:subfield>
  </marcxml:datafield>
  <marcxml:datafield ind1=" " ind2="4" tag="650">
    <marcxml:subfield code="a">Podcasters</marcxml:subfield>
    <marcxml:subfield code="v">Fiction.</marcxml:subfield>
  </marcxml:datafield>
  <marcxml:datafield ind1=" " ind2="7" tag="650">
    <marcxml:subfield code="a">YOUNG ADULT FICTION</marcxml:subfield>
    <marcxml:subfield code="x">Girls &amp; Women.</marcxml:subfield>
    <marcxml:subfield code="2">bisacsh</marcxml:subfield>
  </marcxml:datafield>
  <marcxml:datafield ind1=" " ind2="7" tag="650">
    <marcxml:subfield code="a">YOUNG ADULT FICTION</marcxml:subfield>
    <marcxml:subfield code="x">Romance</marcxml:subfield>
    <marcxml:subfield code="x">Contemporary.</marcxml:subfield>
    <marcxml:subfield code="2">bisacsh</marcxml:subfield>
  </marcxml:datafield>
  <marcxml:datafield ind1=" " ind2="7" tag="650">
    <marcxml:subfield code="a">YOUNG ADULT FICTION</marcxml:subfield>
    <marcxml:subfield code="x">Social Themes</marcxml:subfield>
    <marcxml:subfield code="x">Friendship.</marcxml:subfield>
    <marcxml:subfield code="2">bisacsh</marcxml:subfield>
  </marcxml:datafield>
  <marcxml:datafield ind1=" " ind2="7" tag="650">
    <marcxml:subfield code="a">Anxiety in adolescence.</marcxml:subfield>
    <marcxml:subfield code="2">fast</marcxml:subfield>
    <marcxml:subfield code="0">(OCoLC)fst00810979</marcxml:subfield>
  </marcxml:datafield>
  <marcxml:datafield ind1=" " ind2="7" tag="650">
    <marcxml:subfield code="a">Bisexual teenagers.</marcxml:subfield>
    <marcxml:subfield code="2">fast</marcxml:subfield>
    <marcxml:subfield code="0">(OCoLC)fst01892977</marcxml:subfield>
  </marcxml:datafield>
  <marcxml:datafield ind1=" " ind2="7" tag="650">
    <marcxml:subfield code="a">College students.</marcxml:subfield>
    <marcxml:subfield code="2">fast</marcxml:subfield>
    <marcxml:subfield code="0">(OCoLC)fst00867976</marcxml:subfield>
  </marcxml:datafield>
  <marcxml:datafield ind1=" " ind2="7" tag="650">
    <marcxml:subfield code="a">Friendship in adolescence.</marcxml:subfield>
    <marcxml:subfield code="2">fast</marcxml:subfield>
    <marcxml:subfield code="0">(OCoLC)fst00935195</marcxml:subfield>
  </marcxml:datafield>
  <marcxml:datafield ind1=" " ind2="7" tag="650">
    <marcxml:subfield code="a">High school students.</marcxml:subfield>
    <marcxml:subfield code="2">fast</marcxml:subfield>
    <marcxml:subfield code="0">(OCoLC)fst00956174</marcxml:subfield>
  </marcxml:datafield>
  <marcxml:datafield ind1=" " ind2="7" tag="650">
    <marcxml:subfield code="a">High schools</marcxml:subfield>
    <marcxml:subfield code="v">Fiction.</marcxml:subfield>
    <marcxml:subfield code="2">sears</marcxml:subfield>
  </marcxml:datafield>
  <marcxml:datafield ind1=" " ind2="7" tag="650">
    <marcxml:subfield code="a">Podcasters.</marcxml:subfield>
    <marcxml:subfield code="2">fast</marcxml:subfield>
    <marcxml:subfield code="0">(OCoLC)fst01894991</marcxml:subfield>
  </marcxml:datafield>
  <marcxml:datafield ind1=" " ind2="7" tag="650">
    <marcxml:subfield code="a">Secrecy.</marcxml:subfield>
    <marcxml:subfield code="2">fast</marcxml:subfield>
    <marcxml:subfield code="0">(OCoLC)fst01110644</marcxml:subfield>
  </marcxml:datafield>
  <marcxml:datafield ind1=" " ind2="7" tag="650">
    <marcxml:subfield code="a">Podcasters</marcxml:subfield>
    <marcxml:subfield code="v">Fiction.</marcxml:subfield>
    <marcxml:subfield code="2">sears</marcxml:subfield>
  </marcxml:datafield>
  <marcxml:datafield ind1=" " ind2="7" tag="650">
    <marcxml:subfield code="a">Schools</marcxml:subfield>
    <marcxml:subfield code="v">Fiction.</marcxml:subfield>
    <marcxml:subfield code="2">sears</marcxml:subfield>
  </marcxml:datafield>
  <marcxml:datafield ind1=" " ind2="0" tag="655">
    <marcxml:subfield code="a">Young adult fiction.</marcxml:subfield>
  </marcxml:datafield>
  <marcxml:datafield ind1=" " ind2="7" tag="655">
    <marcxml:subfield code="a">Fiction.</marcxml:subfield>
    <marcxml:subfield code="2">fast</marcxml:subfield>
    <marcxml:subfield code="0">(OCoLC)fst01423787</marcxml:subfield>
  </marcxml:datafield>
  <marcxml:datafield ind1=" " ind2="7" tag="655">
    <marcxml:subfield code="a">Juvenile works.</marcxml:subfield>
    <marcxml:subfield code="2">fast</marcxml:subfield>
    <marcxml:subfield code="0">(OCoLC)fst01411637</marcxml:subfield>
  </marcxml:datafield>
  <marcxml:datafield ind1=" " ind2="7" tag="655">
    <marcxml:subfield code="a">Young adult works.</marcxml:subfield>
    <marcxml:subfield code="2">fast</marcxml:subfield>
    <marcxml:subfield code="0">(OCoLC)fst01726790</marcxml:subfield>
  </marcxml:datafield>
  <marcxml:datafield ind1=" " ind2="7" tag="655">
    <marcxml:subfield code="a">Young adult fiction.</marcxml:subfield>
    <marcxml:subfield code="2">lcgft</marcxml:subfield>
  </marcxml:datafield>
  <marcxml:datafield ind1="0" ind2="8" tag="775">
    <marcxml:subfield code="i">Reproduction of (manifestation):</marcxml:subfield>
    <marcxml:subfield code="a">Oseman, Alice.</marcxml:subfield>
    <marcxml:subfield code="t">Radio silence.</marcxml:subfield>
    <marcxml:subfield code="d">London : HarperCollinsPublishers, 2016</marcxml:subfield>
    <marcxml:subfield code="z">9780007559244</marcxml:subfield>
  </marcxml:datafield>
</marcxml:record>
